<?xml version="1.0" encoding="UTF-8"?><collection xmlns="http://www.loc.gov/MARC21/slim"><record><leader>00403nam--2200121-i-4500</leader><controlfield tag="001">000016783</controlfield><controlfield tag="002">20161230</controlfield><controlfield tag="005">20161230201032</controlfield><controlfield tag="008">060222s1000------------r-----000-0-eng-d</controlfield><datafield ind1=" " ind2=" " tag="080"><subfield code="a">621.039.83(061.3)</subfield></datafield><datafield ind1=" " ind2=" " tag="245"><subfield code="a">Acceptance, control of and trade in irradiated food. proceedings of an international conferen ce on the acceptance ... geneva, 12-16 dc.1988</subfield></datafield><datafield ind1=" " ind2=" " tag="260"><subfield code="a">Vienna, Iaea, 1989 229 P</subfield></datafield><datafield ind1=" " ind2=" " tag="852"><subfield code="a">78687</subfield></datafield></record></collection>